<?xml version="1.0" encoding="UTF-8"?><collection xmlns="http://www.loc.gov/MARC21/slim"><record><leader>00418nam--2200133-i-4500</leader><controlfield tag="001">000001817</controlfield><controlfield tag="002">20161230</controlfield><controlfield tag="005">20161230201024</controlfield><controlfield tag="008">060222s1000------------r-----000-0-eng-d</controlfield><datafield ind1=" " ind2=" " tag="080"><subfield code="a">539.12.08</subfield></datafield><datafield ind1=" " ind2=" " tag="245"><subfield code="a">Dose par contamination interne dans le cas d une exposition limitee</subfield></datafield><datafield ind1=" " ind2=" " tag="260"><subfield code="a">Paris, Electricite De France - Service General De Radioprotection, 1966. 16 P.+ 2 P.Fig</subfield></datafield><datafield ind1=" " ind2=" " tag="490"><subfield code="a">D.E.-s.E.P. Nr.7</subfield></datafield><datafield ind1=" " ind2=" " tag="852"><subfield code="a">28611</subfield></datafield></record></collection>